%% This BibTeX bibliography file was created using BibDesk.
%% http://bibdesk.sourceforge.net/
%% Created for Jie Cheng at 2015-01-27 03:13:21 pm +0000
%% Saved with string encoding Unicode (UTF-8)
@article{likas2003global,
	title={The global k-means clustering algorithm},
	author={Likas, Aristidis and Vlassis, Nikos and Verbeek, Jakob J},
	journal={Pattern Recognition},
	volume={36},
	number={2},
	pages={451--461},
	year={2003},
	publisher={Elsevier}
}

@article{pedregosa2011scikit,
	title={Scikit-learn: Machine learning in Python},
	author={Pedregosa, Fabian and Varoquaux, Ga{\"e}l and Gramfort, Alexandre and Michel, Vincent and Thirion, Bertrand and Grisel, Olivier and Blondel, Mathieu and Prettenhofer, Peter and Weiss, Ron and Dubourg, Vincent and others},
	journal={the Journal of Machine Learning Research},
	volume={12},
	pages={2825--2830},
	year={2011},
	publisher={JMLR. org}
}
