%% This BibTeX bibliography file was created using BibDesk.
%% http://bibdesk.sourceforge.net/
%% Created for Jie Cheng at 2015-01-27 03:13:21 pm +0000
%% Saved with string encoding Unicode (UTF-8)
@inproceedings{G_UCF,
	title={GroupLens: An open architecture for collaborative filtering of netnews},
	author={Resnick, Paul and Iacovou, Neophytos and Suchak, Mitesh and Bergstrom, Peter and Riedl, John},
	booktitle={Proceedings of the 1994 ACM Conference on Computer Supported Cooperative Work},
	pages={175--186},
	year={1994},
	organization={ACM}
}
@article{linden2003amazon,
	title={Amazon.com recommendations: Item-to-item collaborative filtering},
	author={Linden, Greg and Smith, Brent and York, Jeremy},
	journal={IEEE Internet Computing},
	volume={7}, 
	number={1},
	pages={76--80},
	year={2003},
	publisher={IEEE}
}
@article{Hug2020,
	doi = {10.21105/joss.02174},
	url = {https://doi.org/10.21105/joss.02174},
	year = {2020},
	publisher = {The Open Journal},
	volume = {5},
	number = {52},
	pages = {2174},
	author = {Nicolas Hug},
	title = {Surprise: A Python library for recommender systems},
	journal = {Journal of Open Source Software}
}